@article{Hawley2017:compendium,
  title={A compendium of multi-omic sequence information from the Saanich Inlet water column},
  author={Hawley, Alyse K and Torres-Beltr{\'a}n, M{\'o}nica and Zaikova, Elena and Walsh, David A and Mueller, Andreas and Scofield, Melanie and Kheirandish, Sam and Payne, Chris and Pakhomova, Larysa and Bhatia, Maya and others},
  journal={Scientific data},
  volume={4},
  pages={170160},
  year={2017},
  publisher={Nature Publishing Group}
}

@article{Torres2017:compendium,
  title={A compendium of geochemical information from the Saanich Inlet water column},
  author={Torres-Beltr{\'a}n, M{\'o}nica and Hawley, Alyse K and Capelle, David and Zaikova, Elena and Walsh, David A and Mueller, Andreas and Scofield, Melanie and Payne, Chris and Pakhomova, Larysa and Kheirandish, Sam and others},
  journal={Scientific data},
  volume={4},
  pages={170159},
  year={2017},
  publisher={Nature Publishing Group}
}
